% -*- mode: bibtex; bibtex-dialect: biblatex -*-
% Aqui va la base de dades bibliografica
@misc {gnuplot,
	author = {Thomas Williams and Colin Kelley, et al.},
	title = {Gnuplot 5.5: an interactive plotting program},
	year = {2022},
	url = {http://gnuplot.info/docs_5.5/gnuplot5.html},
	note = {[Internet; decarregat 15-febrer-2023]}
}

@article {viqui-oscil·loscopi,
	author = {Co\lgem aboradors del projecte Viquip{\`e}dia},
	journal = {Viquipèdia, l'enciclopèdia lliure},
	month = {1},
	title = {{Osci\lgem oscopi}},
	year = {2022},
	url = {https://ca.wikipedia.org/w/index.php?title=Oscil%C2%B7loscopi&oldid=29272618},
	note = {[Internet; 18-gener-2022]}
}

@book {llibre-pds,
  title = {Tratamiento digital de se{\~n}ales},
  edition = {4.},
  author = {Proakis, John G and Manolakis, Dimitris G},
  publisher = {Prentice Hall},
  year = {2007},
  address = {Old Tappan, NJ},
  ISBN = {9788483223475}
}

@online {funcionament-trigger,
	title = {Understanding Oscilloscope Trigger System Basics},
	author = {Keysight},
	url = {https://edadocs.software.keysight.com/kkbopen/understanding-oscilloscope-trigger-system-basics-582645400.html},
	note = {[Internet; visitat 11-juny-2023]}
}

@online {cues-missatges,
	title = {POSIX message queues, Linux manual page},
	author = {Michael Kerrisk},
	url = {https://man7.org/linux/man-pages/man7/mq_overview.7.html},
}

@online {sockets-unix,
	title = {Sockets, Linux manual page},
	author = {Michael Kerrisk},
	url = {https://www.man7.org/linux/man-pages/man2/socket.2.html},
}

@online {canonades-nom,
	title = {Named Pipes, Linux manual page},
	author = {Michael Kerrisk},
	url = {https://man7.org/linux/man-pages/man3/mkfifo.3.html},
}

@online {stty,
	title = {stty, Linux manual page},
	author = {Michael Kerrisk},
	url = {https://www.man7.org/linux/man-pages/man1/stty.1.html},
}

@online {socat,
	title = {socat, Man pages},
	author = {Gerhard Rieger},
	url = {https://manpages.org/socat},
}

@online {websockets,
	title = {WebSocket},
	author = {Ilya Kantor},
	url = {https://javascript.info/websocket},
}

@online {analisi-adc,
	title = {ATmega ADC Analysis},
	author = {Open Music Labs},
	url = {http://www.openmusiclabs.com/learning/digital/atmega-adc/},
}